<?xml version="1.0" encoding="UTF-8"?><collection xmlns="http://www.loc.gov/MARC21/slim"><record><leader>00397nam--2200133-i-4500</leader><controlfield tag="001">000027112</controlfield><controlfield tag="002">20161230</controlfield><controlfield tag="005">20161230201036</controlfield><controlfield tag="008">060222s1000------------r-----000-0-eng-d</controlfield><datafield ind1=" " ind2=" " tag="100"><subfield code="a">Kochanovska, A</subfield></datafield><datafield ind1=" " ind2=" " tag="245"><subfield code="a">The splitting of lines which occurs when using the bach reflexion method</subfield></datafield><datafield ind1=" " ind2=" " tag="260"><subfield code="a">Praha, F.Rivnac, 1947, 16p</subfield></datafield><datafield ind1=" " ind2=" " tag="490"><subfield code="a">Acta Facultatis Rerum Naturalium Univ.Carolinae</subfield></datafield><datafield ind1=" " ind2=" " tag="852"><subfield code="a">1765</subfield></datafield></record></collection>